@incollection{deza2009encyclopedia,
  title={{Encyclopedia of Distances}},
  author={Deza, Michel Marie and Deza, Elena},
  booktitle={{Encyclopedia of Distances}},
  pages={1--583},
  year=2009,
  publisher={Springer}
}
