/home/chuck/LEdProjects/MyPaper/master.bib